<?xml version="1.0" encoding="UTF-8"?><collection xmlns="http://www.loc.gov/MARC21/slim"><record><leader>00531nam--2200181-i-4500</leader><controlfield tag="001">000016472</controlfield><controlfield tag="002">20161230</controlfield><controlfield tag="005">20161230201031</controlfield><controlfield tag="008">060222s1000------------r-----000-0-fre-d</controlfield><datafield ind1=" " ind2=" " tag="040"><subfield code="a">IFIN-HH</subfield></datafield><datafield ind1=" " ind2=" " tag="041"><subfield code="a">fre</subfield></datafield><datafield ind1=" " ind2=" " tag="080"><subfield code="a">535.2(043)</subfield></datafield><datafield ind1="1" ind2=" " tag="100"><subfield code="a">Bertin, Pierre-yves</subfield></datafield><datafield ind1="1" ind2="0" tag="245"><subfield code="a">Etude theorique et experimentale d'un faisceau de photons de rayonnement de freinage durci en energie</subfield><subfield code="b">These</subfield><subfield code="c">Pierre-yves bertin</subfield></datafield><datafield ind1=" " ind2=" " tag="260"><subfield code="a">Clermont</subfield><subfield code="b">Universite</subfield><subfield code="c">1966</subfield></datafield><datafield ind1=" " ind2=" " tag="300"><subfield code="a">109 P</subfield></datafield><datafield ind1=" " ind2=" " tag="852"><subfield code="a">78435</subfield><subfield code="c">535</subfield></datafield><datafield ind1=" " ind2=" " tag="CAT"><subfield code="a">Sys</subfield><subfield code="c">20110126</subfield><subfield code="h">151721</subfield></datafield></record></collection>